@misc{Eurostat2020,
  title        = {Ageing Europe - statistics on population developments},
  author       = {Eurostat},
  year         = 2020,
  url          = {https://ec.europa.eu/eurostat/statistics-explained/index.php?title=Ageing_Europe_-_statistics_on_population_developments},
  note         = {Statistics Explained}
}

@article{Petersen2018,
  title        = {Practice guideline update summary: Mild cognitive impairment: Report of the Guideline Development, Dissemination, and Implementation Subcommittee of the American Academy of Neurology},
  author       = {Petersen, Ronald C. and Lopez, Oscar and Armstrong, Melissa J. and Getchius, Thomas S. D. and Ganguli, Mary and Gloss, David and Gronseth, Gary S. and Marson, Daniel and Pringsheim, Tamara and Day, Gregory S. and Sager, Mark and Stevens, James and Rae-Grant, Alexander},
  year         = 2018,
  journal      = {Neurology},
  volume       = 90,
  number       = 3,
  pages        = {126--135},
  doi          = {10.1212/WNL.0000000000004826}
}

@techreport{AlzheimerEurope2019,
  title        = {Dementia in Europe Yearbook 2019: Estimating the prevalence of dementia in Europe},
  author       = {{Alzheimer Europe}},
  year         = 2019,
  url          = {https://www.alzheimer-europe.org/sites/default/files/alzheimer_europe_dementia_in_europe_yearbook_2019.pdf},
  note         = {Accessed: 2024-07-08},
  institution  = {Alzheimer Europe}
}

@article{Livingston2020,
  title        = {Dementia prevention, intervention, and care: 2020 report of the Lancet Commission},
  author       = {Livingston, Gill and Huntley, Jonathan and Sommerlad, Andrew and Ames, David and Ballard, Clive and Banerjee, Sube and Brayne, Carol and Burns, Alistair and Cohen-Mansfield, Jiska and Cooper, Claudia and others},
  year         = 2020,
  journal      = {The Lancet},
  volume       = 396,
  number       = 10248,
  pages        = {413--446},
  doi          = {10.1016/S0140-6736(20)30367-6}
}

@article{Cullen2007,
  title        = {A review of screening tests for cognitive impairment},
  author       = {Cullen, Breda and O'Neill, Brian and Evans, Jonathan J. and Coen, Robert F. and Lawlor, Brian A.},
  year         = 2007,
  journal      = {Journal of Neurology, Neurosurgery \& Psychiatry},
  volume       = 78,
  number       = 8,
  pages        = {790--799},
  doi          = {10.1136/jnnp.2006.095414}
}

@article{Prince2013,
  title        = {The global prevalence of dementia: a systematic review and meta-analysis},
  author       = {Prince, Martin and Bryce, Renata and Albanese, Emiliano and Wimo, Anders and Ribeiro, Wagner and Ferri, Cleusa P.},
  year         = 2013,
  journal      = {Alzheimer's \& Dementia},
  volume       = 9,
  number       = 1,
  pages        = {63--75},
  doi          = {10.1016/j.jalz.2012.11.007}
}

@article{Cordell2013,
  title        = {Alzheimer's Association recommendations for operationalizing the detection of cognitive impairment during the Medicare Annual Wellness Visit in a primary care setting},
  author       = {Cordell, Christopher B. and Borson, Soo and Boustani, Malaz and Chodosh, Joshua and Reuben, David and Verghese, Joe and Thies, William and Fried, Linda B.},
  year         = 2013,
  journal      = {Alzheimer's \& Dementia},
  volume       = 9,
  number       = 2,
  pages        = {141--150},
  doi          = {10.1016/j.jalz.2012.09.011}
}

@article{Henrich2010,
  title        = {The weirdest people in the world?},
  author       = {Henrich, Joseph and Heine, Steven J. and Norenzayan, Ara},
  year         = 2010,
  journal      = {Behavioral and Brain Sciences},
  volume       = 33,
  number       = {2-3},
  pages        = {61--83},
  doi          = {10.1017/S0140525X0999152X}
}

@article{Goldberg2015,
  title        = {Practice effects due to serial cognitive assessment: Implications for preclinical Alzheimer's disease randomized controlled trials},
  author       = {Goldberg, Terry E. and Harvey, Philip D. and Wesnes, Keith A. and Snyder, Peter J. and Schneider, Lon S.},
  year         = 2015,
  journal      = {Alzheimer's \& Dementia: Diagnosis, Assessment \& Disease Monitoring},
  volume       = 1,
  number       = 1,
  pages        = {103--111},
  doi          = {10.1016/j.dadm.2014.11.003}
}

@article{Geddes2020,
  title        = {Remote cognitive and behavioral assessment: Report of the Alzheimer Society of Canada Task Force on dementia care best practices for COVID-19},
  author       = {Geddes, Maiya R. and O'Connell, Megan E. and Fisk, John D. and Gauthier, Serge and Camicioli, Richard and Ismail, Zahinoor},
  year         = 2020,
  journal      = {Alzheimer's \& Dementia: Diagnosis, Assessment \& Disease Monitoring},
  volume       = 12,
  number       = 1,
  pages        = {e12111},
  doi          = {10.1002/dad2.12111}
}

@article{Bilder2020,
  title        = {InterOrganizational practice committee recommendations/guidance for teleneuropsychology in response to the COVID-19 pandemic},
  author       = {Bilder, Robert M. and Postal, Karen S. and Barisa, Mark and Aase, Darrin M. and Cullum, C. Munro and Gillaspy, Stephen R. and Harder, Lana and Kanter, Gabriel and Lanca, Margaret and Lechuga, David M. and others},
  year         = 2020,
  journal      = {Archives of Clinical Neuropsychology},
  volume       = 35,
  number       = 6,
  pages        = {647--659},
  doi          = {10.1093/arclin/acaa046}
}

@article{Folstein1975,
  title        = {"Mini-mental state": A practical method for grading the cognitive state of patients for the clinician},
  author       = {Folstein, Marshal F. and Folstein, Susan E. and McHugh, Paul R.},
  year         = 1975,
  journal      = {Journal of Psychiatric Research},
  volume       = 12,
  number       = 3,
  pages        = {189--198},
  doi          = {10.1016/0022-3956(75)90026-6}
}

@article{Shulman2006,
  title        = {IPA survey of brief cognitive screening instruments},
  author       = {Shulman, Kenneth I. and Herrmann, Nathan and Brodaty, Henry and Chiu, Helen and Lawlor, Brian and Ritchie, Karen and Scanlan, James M.},
  year         = 2006,
  journal      = {International Psychogeriatrics},
  volume       = 18,
  number       = 2,
  pages        = {281--294},
  doi          = {10.1017/S1041610205002693}
}

@article{Tombaugh1992,
  title        = {The mini-mental state examination: a comprehensive review},
  author       = {Tombaugh, Tom N. and McIntyre, Nancy J.},
  year         = 1992,
  journal      = {Journal of the American Geriatrics Society},
  volume       = 40,
  number       = 9,
  pages        = {922--935},
  doi          = {10.1111/j.1532-5415.1992.tb01992.x}
}

@article{Zygouris2017,
  title        = {Computerized cognitive testing for older adults: a review},
  author       = {Zygouris, Stelios and Tsolaki, Magda},
  year         = 2017,
  journal      = {American Journal of Alzheimer's Disease \& Other Dementias},
  volume       = 32,
  number       = 2,
  pages        = {84--93},
  doi          = {10.1177/1533317517717031}
}

@article{Seifan2015,
  title        = {Early life epidemiology of Alzheimer's disease--a critical review},
  author       = {Seifan, Alon and Schelke, Matthew and Obeng-Aduasare, Yvonne and Isaacson, Richard},
  year         = 2015,
  journal      = {Neuroepidemiology},
  volume       = 45,
  number       = 4,
  pages        = {237--254},
  doi          = {10.1159/000439568}
}

@article{Langa2015,
  title        = {The diagnosis and management of mild cognitive impairment: a clinical review},
  author       = {Langa, Kenneth M. and Levine, Deborah A.},
  year         = 2014,
  journal      = {JAMA},
  volume       = 312,
  number       = 23,
  pages        = {2551--2561},
  doi          = {10.1001/jama.2014.13806}
}

@article{Weintraub2009,
  title        = {The neuropsychological profile of Alzheimer disease},
  author       = {Weintraub, Sandra and Wicklund, Alissa H. and Salmon, David P.},
  year         = 2012,
  journal      = {Cold Spring Harbor Perspectives in Medicine},
  volume       = 2,
  number       = 4,
  pages        = {a006171},
  doi          = {10.1101/cshperspect.a006171}
}

@book{Embretson2013item,
  title        = {Item response theory for psychologists},
  author       = {Embretson, Susan E and Reise, Steven P},
  year         = 2013,
  publisher    = {Psychology Press}
}

@article{Shatte2019machine,
  title        = {Machine learning in mental health: a scoping review of methods and applications},
  author       = {Shatte, Adrian BR and Hutchinson, Delyse M and Teague, Samantha J},
  year         = 2019,
  journal      = {Psychological medicine},
  volume       = 49,
  number       = 9,
  pages        = {1426--1448}
}

@article{Cullum2014,
  title        = {Teleneuropsychology: evidence for video teleconference-based neuropsychological assessment},
  author       = {Cullum, C. Munro and Hynan, Linda S. and Grosch, Maria and Parikh, Mili and Weiner, Myron F.},
  year         = 2014,
  journal      = {Journal of the International Neuropsychological Society},
  volume       = 20,
  number       = 10,
  pages        = {1028--1033},
  doi          = {10.1017/S1355617714000873}
}

@article{Lim2020,
  title        = {A method for cross-cultural adaptation of a verbal memory assessment},
  author       = {Lim, Yen Ying and Prang, Khic-Houy and Cysique, Lucette and Pietrzak, Robert H. and Snyder, Peter J. and Maruff, Paul},
  year         = 2020,
  journal      = {Behavior Research Methods},
  volume       = 52,
  number       = 3,
  pages        = {1355--1369},
  doi          = {10.3758/s13428-019-01320-3}
}

@article{Harrington2021,
  title        = {Amyloid burden and incident depressive symptoms in cognitively normal older adults},
  author       = {Harrington, Karra D. and Lim, Yen Ying and Ames, David and Hassenstab, Jason and Laws, Simon M. and Martins, Ralph N. and Rainey-Smith, Stephanie and Robertson, Joanne and Rowe, Christopher C. and Salvado, Olivier and others},
  year         = 2021,
  journal      = {International Journal of Geriatric Psychiatry},
  volume       = 36,
  number       = 5,
  pages        = {696--704},
  doi          = {10.1002/gps.5465}
}

@article{Wild2021,
  title        = {Status of computerized cognitive testing in aging: a systematic review},
  author       = {Wild, Kathleen and Howieson, Diane and Webbe, Frank and Seelye, Adriana and Kaye, Jeffrey},
  year         = 2021,
  journal      = {Alzheimer's \& Dementia},
  volume       = 17,
  number       = 4,
  pages        = {595--617},
  doi          = {10.1002/alz.12213}
}

@article{Koutsouris2019,
  title        = {Concepts and trends in healthcare information systems},
  author       = {Koutsouris, Dimitris and Lazakidou, Athina},
  year         = 2019,
  journal      = {Annals of Biomedical Engineering},
  volume       = 47,
  number       = 5,
  pages        = {1271--1273},
  doi          = {10.1007/s10439-019-02246-9}
}

@article{Sperling2011,
  title        = {Toward defining the preclinical stages of Alzheimer's disease: Recommendations from the National Institute on Aging-Alzheimer's Association workgroups on diagnostic guidelines for Alzheimer's disease},
  author       = {Sperling, Reisa A. and Aisen, Paul S. and Beckett, Laurel A. and Bennett, David A. and Craft, Suzanne and Fagan, Anne M. and Iwatsubo, Takeshi and Jack Jr, Clifford R. and Kaye, Jeffrey and Montine, Thomas J. and others},
  year         = 2011,
  journal      = {Alzheimer's \& Dementia},
  volume       = 7,
  number       = 3,
  pages        = {280--292},
  doi          = {10.1016/j.jalz.2011.03.003}
}

@article{Finkelman2016,
  title        = {Curtailment and stochastic curtailment to shorten the CES-D},
  author       = {Finkelman, Matthew D. and Smits, Niels and Kim, Wonsuk and Riley, Barth},
  year         = 2016,
  journal      = {Applied Psychological Measurement},
  volume       = 40,
  number       = 1,
  pages        = {22--38},
  doi          = {10.1177/0146621615579279}
}

@article{Peffers2007,
  title        = {A Design Science Research Methodology for Information Systems Research},
  author       = {Peffers, Ken and Tuunanen, Tuure and Rothenberger, Marcus A. and Chatterjee, Samir},
  year         = 2007,
  journal      = {Journal of Management Information Systems},
  volume       = 24,
  number       = 3,
  pages        = {45--77},
  doi          = {10.2753/MIS0742-1222240302}
}

@article{Mitchell2009,
  title        = {CSF phosphorylated tau is a possible marker for discriminating Alzheimer's disease from dementia with Lewy bodies},
  author       = {Mitchell, Alex J},
  year         = 2009,
  journal      = {Neurology},
  volume       = 72,
  number       = 2,
  pages        = 186
}

@misc{Github,
  title        = {Features \textbullet{} GitHub},
  author       = {{GitHub}},
  year         = 2024,
  url          = {https://github.com/features},
  note         = {Accessed: 2024-07-18}
}

@misc{Jhipster,
  title        = {JHipster - Generate your Spring Boot + Angular/React/Vue applications},
  author       = {{JHipster}},
  year         = 2024,
  url          = {https://www.jhipster.tech/},
  note         = {Accessed: 2024-07-18}
}

@misc{Github_actions,
  title        = {GitHub Actions},
  author       = {{GitHub}},
  year         = 2024,
  url          = {https://github.com/features/actions},
  note         = {Accessed: 2024-07-18}
}

@misc{WCAG,
  title        = {Web Content Accessibility Guidelines (WCAG) 2.1},
  author       = {{W3C}},
  year         = 2018,
  url          = {https://www.w3.org/TR/WCAG21/},
  note         = {Accessed: 2024-07-18}
}

@misc{Dependabot,
  title        = {Dependabot},
  author       = {{GitHub}},
  year         = 2024,
  url          = {https://github.com/features/security/software-supply-chain},
  note         = {Accessed: 2024-07-18}
}

@misc{Swagger,
  title        = {API Documentation \& Design Tools for Teams},
  author       = {{Swagger}},
  year         = 2024,
  url          = {https://swagger.io/},
  note         = {Accessed: 2024-07-18}
}

@misc{Liquibase,
  title        = {Source Control for your Database},
  author       = {{Liquibase}},
  year         = 2024,
  url          = {https://www.liquibase.org/},
  note         = {Accessed: 2024-07-18}
}

@misc{ELK,
  title        = {Elastic Stack: Elasticsearch, Kibana, Beats \& Logstash},
  author       = {{Elastic}},
  year         = 2024,
  url          = {https://www.elastic.co/elastic-stack/},
  note         = {Accessed: 2024-07-18}
}

@misc{Sentry,
  title        = {Application Monitoring and Error Tracking Software},
  author       = {{Sentry}},
  year         = 2024,
  url          = {https://sentry.io/},
  note         = {Accessed: 2024-07-18}
}

@article{Hevner2004,
  title        = {Design science in information systems research},
  author       = {Hevner, Alan R and March, Salvatore T and Park, Jinsoo and Ram, Sudha},
  year         = 2004,
  journal      = {MIS quarterly},
  pages        = {75--105}
}

@article{Palinkas2015,
  title        = {Purposeful sampling for qualitative data collection and analysis in mixed method implementation research},
  author       = {Palinkas, Lawrence A and Horwitz, Sarah M and Green, Carla A and Wisdom, Jennifer P and Duan, Naihua and Hoagwood, Kimberly},
  year         = 2015,
  journal      = {Administration and policy in mental health and mental health services research},
  volume       = 42,
  number       = 5,
  pages        = {533--544}
}

@article{Greenhalgh2016,
  title        = {NASSS framework for considering influences on adoption, non-adoption, abandonment, spread, scale-up, and sustainability of patient-facing health and care technologies},
  author       = {Greenhalgh, Trisha and Wherton, Joseph and Papoutsi, Chrysanthi and Lynch, Jennifer and Hughes, Gemma and A'Court, Christine and Hinder, Susan and Fahy, Nick and Procter, Rob and Shaw, Sara},
  year         = 2017,
  journal      = {Journal of medical Internet research},
  volume       = 19,
  number       = 11,
  pages        = {e367}
}

@book{Creswell2017,
  title        = {Research design: Qualitative, quantitative, and mixed methods approaches},
  author       = {Creswell, John W and Creswell, J David},
  year         = 2017,
  publisher    = {Sage publications}
}

@article{Brooke1996,
  title        = {SUS-A quick and dirty usability scale},
  author       = {Brooke, John},
  year         = 1996,
  journal      = {Usability evaluation in industry},
  volume       = 189,
  number       = 194,
  pages        = {4--7}
}

@article{Knoppers2012,
  title        = {A human rights approach to an international code of conduct for genomic and clinical data sharing},
  author       = {Knoppers, Bartha Maria and Harris, Jennifer R and Budin-Lj{\o}sne, Isabelle and Dove, Edward S},
  year         = 2012,
  journal      = {Human genetics},
  volume       = 131,
  number       = 9,
  pages        = {1495--1502}
}

@article{Koo2016,
  title        = {A guideline of selecting and reporting intraclass correlation coefficients for reliability research},
  author       = {Koo, Terry K and Li, Mae Y},
  year         = 2016,
  journal      = {Journal of chiropractic medicine},
  volume       = 15,
  number       = 2,
  pages        = {155--163}
}

@article{Gale2013,
  title        = {Using the framework method for the analysis of qualitative data in multi-disciplinary health research},
  author       = {Gale, Nicola K and Heath, Gemma and Cameron, Elaine and Rashid, Sabina and Redwood, Sabi},
  year         = 2013,
  journal      = {BMC medical research methodology},
  volume       = 13,
  number       = 1,
  pages        = {1--8}
}

@article{IEEE2019,
  title        = {Ethically aligned design: A vision for prioritizing human well-being with autonomous and intelligent systems},
  author       = {{IEEE Global Initiative on Ethics of Autonomous and Intelligent Systems}},
  year         = 2019,
  journal      = {IEEE Global Initiative on Ethics of Autonomous and Intelligent Systems},
  publisher    = {IEEE}
}

@article{Bhuyan2017,
  title        = {Ensuring patient privacy and data security in the era of digital health},
  author       = {Bhuyan, Soumitra S and Kim, Hyunmin and Isehunwa, Oluwaseyi O and Kumar, Naveen and Bhatt, Jay and Wyant, David K and Kedia, Satish and Chang, Cyril F and Dasgupta, Dipankar},
  year         = 2017,
  journal      = {International journal of medical informatics},
  volume       = 104,
  pages        = {38--44}
}

@article{Rothstein2015,
  title        = {Ethical issues in big data health research: currents in contemporary bioethics},
  author       = {Rothstein, Mark A},
  year         = 2015,
  journal      = {The Journal of Law, Medicine \& Ethics},
  volume       = 43,
  number       = 2,
  pages        = {425--429}
}

@article{Nebeker2017,
  title        = {Ethical considerations in digital health research: A review of emerging issues and proposed future directions},
  author       = {Nebeker, Camille and Torous, John and Bartlett Ellis, Rebecca J},
  year         = 2017,
  journal      = {JMIR Mental Health},
  volume       = 4,
  number       = 2,
  pages        = {e23}
}

@article{Rajkomar2018,
  title        = {Ensuring fairness in machine learning to advance health equity},
  author       = {Rajkomar, Alvin and Hardt, Michaela and Howell, Michael D and Corrado, Greg and Chin, Madeleine H},
  year         = 2018,
  journal      = {Annals of internal medicine},
  volume       = 169,
  number       = 12,
  pages        = {866--872}
}

@article{Gregor2013,
  title        = {The anatomy of a design theory},
  author       = {Gregor, Shirley and Jones, David},
  year         = 2013,
  journal      = {Journal of the Association for Information Systems},
  volume       = 8,
  number       = 5,
  pages        = {312--335}
}

@article{WMA2013,
  title        = {World Medical Association Declaration of Helsinki: ethical principles for medical research involving human subjects},
  author       = {{World Medical Association}},
  year         = 2013,
  journal      = {Jama},
  volume       = 310,
  number       = 20,
  pages        = {2191--2194}
}

@misc{EUGDPR2016,
  title        = {Regulation (EU) 2016/679 of the European Parliament and of the Council of 27 April 2016 on the protection of natural persons with regard to the processing of personal data and on the free movement of such data, and repealing Directive 95/46/EC (General Data Protection Regulation)},
  author       = {{European Union}},
  year         = 2016,
  publisher    = {Official Journal of the European Union},
  volume       = {L119},
  pages        = {1--88}
}

@article{Kuechler2012,
  title        = {Design science research in information systems: A critical realist approach},
  author       = {Kuechler, William and Vaishnavi, Vijay},
  year         = 2012,
  journal      = {Design Research in Information Systems},
  publisher    = {Springer},
  pages        = {209--233}
}

@article{Hevner2010,
  title        = {Design research in information systems: theory and practice},
  author       = {Hevner, Alan and Chatterjee, Samir},
  year         = 2010,
  journal      = {Integrated series in information systems},
  publisher    = {Springer},
  volume       = 22
}

@article{Braun2006,
  title        = {Using thematic analysis in psychology},
  author       = {Braun, Virginia and Clarke, Victoria},
  year         = 2006,
  journal      = {Qualitative research in psychology},
  publisher    = {Taylor \& Francis},
  volume       = 3,
  number       = 2,
  pages        = {77--101}
}

@article{Openai2023gpt4,
  title        = {GPT-4 Technical Report},
  author       = {{OpenAI}},
  year         = 2023,
  journal      = {arXiv preprint arXiv:2303.08774}
}

@misc{OWASP2021top10,
  title        = {OWASP Top Ten},
  author       = {{OWASP Foundation}},
  year         = 2021,
  note         = {Accessed: 2024-07-18},
  howpublished = {\url{https://owasp.org/Top10/}}
}

@article{Greenhalgh2017,
  title        = {Beyond adoption: a new framework for theorizing and evaluating nonadoption, abandonment, and challenges to the scale-up, spread, and sustainability of health and care technologies},
  author       = {Greenhalgh, Trisha and Wherton, Joseph and Papoutsi, Chrysanthi and Lynch, Jennifer and Hughes, Gemma and A'Court, Christine and Hinder, Susan and Fahy, Nick and Procter, Rob and Shaw, Sara},
  year         = 2017,
  journal      = {Journal of medical Internet research},
  publisher    = {JMIR Publications Inc., Toronto, Canada},
  volume       = 19,
  number       = 11,
  pages        = {e367}
}

@book{Walls2016,
  title        = {Spring Boot in action},
  author       = {Walls, Craig},
  year         = 2016,
  publisher    = {Manning Publications}
}

@book{Carlson2013,
  title        = {Redis in action},
  author       = {Carlson, Josiah L},
  year         = 2013,
  publisher    = {Manning Publications}
}

@book{Videla2012,
  title        = {RabbitMQ in action},
  author       = {Videla, Alvaro and Williams, Jason JW},
  year         = 2012,
  publisher    = {Manning Publications}
}

@article{Jones2015,
  title        = {JSON Web Token (JWT)},
  author       = {Jones, Michael and Bradley, John and Sakimura, Nat},
  year         = 2015,
  journal      = {RFC 7519}
}

@article{Devlin2018,
  title        = {BERT: Pre-training of deep bidirectional transformers for language understanding},
  author       = {Devlin, Jacob and Chang, Ming-Wei and Lee, Kenton and Toutanova, Kristina},
  year         = 2018,
  journal      = {arXiv preprint arXiv:1810.04805}
}

@book{Krutz2017,
  title        = {Cloud security: A comprehensive guide to secure cloud computing},
  author       = {Krutz, Ronald L and Vines, Russell Dean},
  year         = 2017,
  publisher    = {John Wiley \& Sons}
}

@book{Newman2015,
  title        = {Building microservices: designing fine-grained systems},
  author       = {Newman, Sam},
  year         = 2015,
  publisher    = {O'Reilly Media, Inc.}
}

@phdthesis{Fielding2000,
  title        = {Architectural styles and the design of network-based software architectures},
  author       = {Fielding, Roy Thomas},
  year         = 2000,
  school       = {University of California, Irvine}
}

@book{Dhillon2011,
  title        = {Information Security Management: Global Challenges in the New Millennium},
  author       = {Dhillon, Gurpreet},
  year         = 2011,
  publisher    = {IGI Global}
}

@book{Fowler2018,
  title        = {Refactoring: Improving the Design of Existing Code},
  author       = {Fowler, Martin},
  year         = 2018,
  publisher    = {Addison-Wesley Professional}
}

@book{Gamma1995,
  title        = {Design patterns: elements of reusable object-oriented software},
  author       = {Gamma, Erich and Helm, Richard and Johnson, Ralph and Vlissides, John},
  year         = 1995,
  publisher    = {Addison-Wesley}
}

@book{Martin2017,
  title        = {Clean Architecture: A Craftsman's Guide to Software Structure and Design},
  author       = {Martin, Robert C},
  year         = 2017,
  publisher    = {Prentice Hall}
}

@book{Evans2004,
  title        = {Domain-Driven Design: Tackling Complexity in the Heart of Software},
  author       = {Evans, Eric},
  year         = 2004,
  publisher    = {Addison-Wesley}
}

@book{Nygard2007,
  title        = {Release It!: Design and Deploy Production-Ready Software},
  author       = {Nygard, Michael T},
  year         = 2007,
  publisher    = {Pragmatic Bookshelf}
}

@book{Kleppmann2017,
  title        = {Designing Data-Intensive Applications: The Big Ideas Behind Reliable, Scalable, and Maintainable Systems},
  author       = {Kleppmann, Martin},
  year         = 2017,
  publisher    = {O'Reilly Media}
}

@book{Richardson2018,
  title        = {Microservices Patterns: With examples in Java},
  author       = {Richardson, Chris},
  year         = 2018,
  publisher    = {Manning Publications}
}

@book{Humble2010,
  title        = {Continuous Delivery: Reliable Software Releases through Build, Test, and Deployment Automation},
  author       = {Humble, Jez and Farley, David},
  year         = 2010,
  publisher    = {Addison-Wesley}
}

@book{You2019,
  title        = {Vue.js in Action},
  author       = {You, Evan},
  year         = 2019,
  publisher    = {Manning Publications}
}

@book{Momjian2001,
  title        = {PostgreSQL: Introduction and Concepts},
  author       = {Momjian, Bruce},
  year         = 2001,
  publisher    = {Addison-Wesley}
}

@misc{Openai2024,
  title        = {OpenAI Vision Model Guide},
  author       = {{OpenAI}},
  year         = 2024,
  note         = {Accessed: 2024-07-23},
  howpublished = {\url{https://platform.openai.com/docs/guides/vision}}
}

@book{King2010,
  title        = {Java persistence with Hibernate},
  author       = {King, Gavin and Bauer, Christian and Andersen, Max Rydahl and Bernard, Emmanuel and Ebersole, Steve},
  year         = 2010,
  publisher    = {Manning Publications}
}

@misc{Netflix2021,
  title        = {Feign},
  author       = {{Netflix, Inc.}},
  year         = 2021,
  note         = {Accessed: 2024-07-18},
  howpublished = {\url{https://github.com/OpenFeign/feign}}
}

@book{Richardson2013,
  title        = {RESTful Web APIs: Services for a Changing World},
  author       = {Richardson, Leonard and Amundsen, Mike},
  year         = 2013,
  publisher    = {O'Reilly Media, Inc.}
}

@article{Bray2017,
  title        = {The javascript object notation (json) data interchange format},
  author       = {Bray, Tim},
  year         = 2017,
  journal      = {Internet Engineering Task Force},
  volume       = 8259,
  pages        = {1--16}
}

@book{Walls2019,
  title        = {Spring Security in Action},
  author       = {Walls, Mick},
  year         = 2019,
  publisher    = {Manning Publications}
}

@inproceedings{Provos1999,
  title        = {A Future-Adaptable Password Scheme.},
  author       = {Provos, Niels and Mazieres, David},
  year         = 1999,
  booktitle    = {USENIX Annual Technical Conference, FREENIX Track},
  pages        = {81--91}
}

@article{Bauer2012,
  title        = {Computerized neuropsychological assessment devices: joint position paper of the American Academy of Clinical Neuropsychology and the National Academy of Neuropsychology},
  author       = {Bauer, Russell M and Iverson, Grant L and Cernich, Alison N and Binder, Laurence M and Ruff, Ronald M and Naugle, Richard I},
  year         = 2012,
  journal      = {The Clinical Neuropsychologist},
  volume       = 26,
  number       = 2,
  pages        = {177--196}
}

@article{Bowers2021,
  title        = {The use of virtual reality-based therapy in the cognitive rehabilitation of individuals with early-stage Alzheimer's disease: A scoping review},
  author       = {Bowers, Brandon and Clarke, Rosemary and Golla, Judith and Ketchum, Jessica M and Richardson, Mary},
  year         = 2021,
  journal      = {Neuropsychological Rehabilitation},
  volume       = 31,
  number       = 2,
  pages        = {191--217}
}

@article{Konig2015,
  title        = {Automatic speech analysis for the assessment of patients with predementia and Alzheimer's disease},
  author       = {K{\"o}nig, Alexandra and Satt, Aharon and Sorin, Alexander and Hoory, Ron and Toledo-Ronen, Orith and Derreumaux, Alexandre and Manera, Valeria and Verhey, Frans and Aalten, Pauline and Robert, Philippe H and others},
  year         = 2015,
  journal      = {Alzheimer's \& Dementia: Diagnosis, Assessment \& Disease Monitoring},
  volume       = 1,
  number       = 1,
  pages        = {112--124}
}

@article{Grassi2019,
  title        = {Data-driven machine learning approach to identify new dementia biomarkers},
  author       = {Grassi, Massimiliano and Loewenstein, David A and Caldirola, Daniela and Schruers, Koen and Duara, Ranjan and Perna, Giampaolo},
  year         = 2019,
  journal      = {Frontiers in Aging Neuroscience},
  volume       = 11,
  pages        = 371
}

@article{Crum1993,
  title        = {Population-based norms for the Mini-Mental State Examination by age and educational level},
  author       = {Crum, Rosa M and Anthony, James C and Bassett, Susan S and Folstein, Marshall F},
  year         = 1993,
  journal      = {Jama},
  volume       = 269,
  number       = 18,
  pages        = {2386--2391}
}

@article{Kukull1994,
  title        = {The Mini-Mental State Examination score and the clinical diagnosis of dementia},
  author       = {Kukull, Walter A and Larson, Eric B and Teri, Linda and Bowen, Judith and McCormick, Wayne C and Pfanschmidt, Michelle L},
  year         = 1994,
  journal      = {Journal of clinical epidemiology},
  volume       = 47,
  number       = 9,
  pages        = {1061--1067}
}

@article{Salmon1990,
  title        = {The Mini-Mental State Examination in the early diagnosis of Alzheimer's disease},
  author       = {Salmon, David P and Thal, Leonard J and Butters, Nelson and Heindel, William C and Cermak, Leonard S},
  year         = 1990,
  journal      = {Archives of neurology},
  volume       = 47,
  number       = 1,
  pages        = {49--52}
}

@article{Nasreddine2005,
  title        = {The Montreal Cognitive Assessment, MoCA: a brief screening tool for mild cognitive impairment},
  author       = {Nasreddine, Ziad S and Phillips, Natalie A and B{\'e}dirian, Val{\'e}rie and Charbonneau, Simon and Whitehead, Victor and Collin, Isabelle and Cummings, Jeffrey L and Chertkow, Howard},
  year         = 2005,
  journal      = {Journal of the American Geriatrics Society},
  volume       = 53,
  number       = 4,
  pages        = {695--699}
}

@article{Julayanont2013,
  title        = {Montreal Cognitive Assessment Memory Index Score (MoCA-MIS) as a predictor of conversion from mild cognitive impairment to Alzheimer's disease},
  author       = {Julayanont, Parunyou and Phillips, Natalie and Chertkow, Howard and Nasreddine, Ziad},
  year         = 2013,
  journal      = {Journal of the American Geriatrics Society},
  volume       = 61,
  number       = 10,
  pages        = {1710--1715}
}

@article{Borson2000,
  title        = {The Mini-Cog: a cognitive “vital signs” measure for dementia screening in multi-lingual elderly},
  author       = {Borson, Soo and Scanlan, James M and Brush, Mary and Vitaliano, Peter and Dokmak, Michael},
  year         = 2000,
  journal      = {International journal of geriatric psychiatry},
  volume       = 15,
  number       = 11,
  pages        = {1021--1027}
}

@article{Mioshi2006,
  title        = {The Addenbrooke's Cognitive Examination Revised (ACE-R): a brief cognitive test battery for dementia screening},
  author       = {Mioshi, Eneida and Dawson, Karalyn and Mitchell, J and Arnold, R and Hodges, John R},
  year         = 2006,
  journal      = {International journal of geriatric psychiatry},
  volume       = 21,
  number       = 11,
  pages        = {1078--1085}
}

@article{Francomarina2010,
  title        = {The Mini-Mental State Examination revisited: Ceiling and floor effects after score adjustment for educational level in an aging Mexican population},
  author       = {Franco-Marina, Francisco and García-González, José Juan and Wagner-Echeagaray, Fernando and Gallo, Joseph and Ugalde, Oscar and Sánchez-García, Sergio and Espinel-Bermúdez, Claudia and Juárez-Cedillo, Teresa and Villa-Rodríguez, Miguel Angel and García-Peña, Carmen},
  year         = 2010,
  journal      = {International Psychogeriatrics},
  volume       = 22,
  number       = 1,
  pages        = {72--81}
}

@article{Kim2010,
  title        = {Culture and cognitive assessment: Normative data on a Korean version of the Mini-Mental State Examination},
  author       = {Kim, Jooyeon and Han, Jaejin and Kim, Taehoon H and Kim, Ki Woong and Woo, Ji-Won and Park, Jae-Hong and Youn, Jinyoung and Kim, Soo-Jin and Jeong, Jin-Yong and Lee, Su-Jin and others},
  year         = 2010,
  journal      = {Dementia and geriatric cognitive disorders},
  volume       = 29,
  number       = 4,
  pages        = {310--316}
}

@article{Diamond2013,
  title        = {Executive functions},
  author       = {Diamond, Adele},
  year         = 2013,
  journal      = {Annual review of psychology},
  volume       = 64,
  pages        = {135--168}
}

@article{Wild2008,
  title        = {Computerized cognitive assessment: I. Psychometric properties of a computerized neurocognitive battery},
  author       = {Wild, K and Howieson, D and Webbe, F and Seelye, A and Kaye, J},
  year         = 2008,
  journal      = {Journal of the International Neuropsychological Society},
  volume       = 14,
  number       = 5,
  pages        = {779--789}
}

@article{Lumsden2016,
  title        = {Gamification of cognitive assessment and cognitive training: a systematic review of applications and efficacy},
  author       = {Lumsden, Jo and Edwards, Elizabeth A and Lawrence, Nicola S and Coyle, David and Munaf{\`o}, Marcus R},
  year         = 2016,
  journal      = {JMIR serious games},
  volume       = 4,
  number       = 2,
  pages        = {e11}
}

@article{Rabinowitz2019,
  title        = {Machine learning for detection of Alzheimer's disease using MRI},
  author       = {Rabinowitz, Benjamin},
  year         = 2019,
  journal      = {Journal of Clinical Medicine},
  volume       = 8,
  number       = 3,
  pages        = 362
}

@article{Weiner2016,
  title        = {Speech-based automatic and robust detection of very early dementia},
  author       = {Weiner, Liam and Herff, Christian and Schultz, Tanja},
  year         = 2016,
  journal      = {Proceedings of the Annual Conference of the International Speech Communication Association, INTERSPEECH},
  pages        = {2761--2765}
}

@article{Birhane2021,
  title        = {Algorithmic injustice: A relational ethics approach},
  author       = {Birhane, Abeba},
  year         = 2021,
  journal      = {Patterns},
  volume       = 2,
  number       = 2,
  pages        = 100205
}

@article{Rudin2019,
  title        = {Stop explaining black box machine learning models for high stakes decisions and use interpretable models instead},
  author       = {Rudin, Cynthia},
  year         = 2019,
  journal      = {Nature Machine Intelligence},
  volume       = 1,
  number       = 5,
  pages        = {206--215}
}

@article{Obermeyer2019,
  title        = {Dissecting racial bias in an algorithm used to manage the health of populations},
  author       = {Obermeyer, Ziad and Powers, Brian and Vogeli, Christine and Mullainathan, Sendhil},
  year         = 2019,
  journal      = {Science},
  volume       = 366,
  number       = 6464,
  pages        = {447--453}
}

@article{Davis2017,
  title        = {Digital Clock Drawing: A Novel, Technology-Based Method for Assessing Aging and Dementia},
  author       = {Davis, Ruth and Penney, David L. and Pittman, David J. and Libon, David J. and Penney, David L.},
  year         = 2017,
  journal      = {Alzheimer's \& Dementia},
  volume       = 13,
  number       = 7,
  pages        = {e57}
}

@article{Fraser2019,
  title        = {Automated analysis of spoken language biomarkers for predicting mild cognitive impairment: A machine learning approach},
  author       = {Fraser, Kathleen C and Meltzer, Jed and Rudzicz, Frank},
  year         = 2019,
  journal      = {Alzheimer's \& Dementia: Diagnosis, Assessment \& Disease Monitoring},
  volume       = 11,
  pages        = {600--607}
}

@article{Koo2022,
  title        = {Comparison of computerized neurocognitive tests for early detection of mild cognitive impairment and dementia},
  author       = {Koo, Bon Mi and Lee, Jun-Young and Shin, Min-Sup and Suh, Guk-Hee and Kim, Ki Woong},
  year         = 2022,
  journal      = {Dementia and Geriatric Cognitive Disorders},
  volume       = 51,
  number       = 1,
  pages        = {44--53}
}

@article{Dagum2018,
  title        = {Digital biomarkers of cognitive function},
  author       = {Dagum, Paul},
  year         = 2018,
  journal      = {npj Digital Medicine},
  volume       = 1,
  number       = 1,
  pages        = {1--3}
}

@article{Parsons2018,
  title        = {Virtual reality for enhanced ecological validity and experimental control in the clinical, affective and social neurosciences},
  author       = {Parsons, Thomas D},
  year         = 2018,
  journal      = {Frontiers in Human Neuroscience},
  volume       = 12,
  pages        = 22
}

@article{Feenstra2017,
  title        = {Unsupervised cognitive ability estimation from digital interaction data},
  author       = {Feenstra, Harm EA and Vermeulen, Ivar E and Murre, Jaap MJ and Schagen, Sanne B},
  year         = 2017,
  journal      = {Frontiers in Psychology},
  volume       = 8,
  pages        = 1075
}

@article{Petti2020,
  title        = {Predicting cognitive decline with deep learning of speech samples in the Framingham Heart Study},
  author       = {Petti, Ursa and Baker, Simon and Korhonen, Anna},
  year         = 2020,
  journal      = {Alzheimer's \& Dementia: Diagnosis, Assessment \& Disease Monitoring},
  volume       = 12,
  number       = 1,
  pages        = {e12053}
}

@article{Gianfrancesco2018,
  title        = {Potential biases in machine learning algorithms using electronic health record data},
  author       = {Gianfrancesco, Milena A and Tamang, Suzanne and Yazdany, Jinoos and Schmajuk, Gabriela},
  year         = 2018,
  journal      = {JAMA Internal Medicine},
  volume       = 178,
  number       = 11,
  pages        = {1544--1547}
}

@article{Zorluoglu2020,
  title        = {A deep learning approach for diagnosis of mild cognitive impairment based on MRI images},
  author       = {Zorluoglu, Gokhan and Kamasak, Mustafa E and Taspinar, Levent and Ozturk, Pinar},
  year         = 2020,
  journal      = {Brain Sciences},
  volume       = 10,
  number       = 7,
  pages        = 417
}

@article{Bandara2018,
  title        = {Cognitive assessment based on facial emotion recognition},
  author       = {Bandara, Dilrukshi and Song, Lehan and Hirsh, Laurianne and Coppola, Gianfranco},
  year         = 2018,
  journal      = {IEEE Access},
  volume       = 6,
  pages        = {61975--61986}
}

@article{Rosli2021,
  title        = {Cultural adaptation and validation of the Malay version of the Mini-Mental State Examination},
  author       = {Rosli, Aimy Nadia and Yong, Yip Chee and Mohd Razali, Rosdinom and Aziz, Sherina Mohd and Jamaluddin, Rahimah},
  year         = 2021,
  journal      = {Journal of Alzheimer's Disease},
  volume       = 79,
  number       = 1,
  pages        = {357--365}
}

@article{Tsoy2019,
  title        = {Culturally adapted cognitive assessment: Validating the RUDAS for Russian speakers with dementia},
  author       = {Tsoy, Elena and Kiekhofer, Rachel E and Guterman, Erica L and Tee, Boon Lead and Windon, Charles C and Dorsman, Karen A and Lanata, Serggio C and Rabinovici, Gil D and Miller, Bruce L and Kramer, Joel H and others},
  year         = 2019,
  journal      = {Journal of Alzheimer's Disease},
  volume       = 71,
  number       = 4,
  pages        = {1123--1133}
}

@article{Parsons2021,
  title        = {Virtual reality-based assessment of cognitive processes: the state of the art},
  author       = {Parsons, Thomas D and Duffield, Tyler},
  year         = 2021,
  journal      = {Clinical Neuropsychologist},
  volume       = 35,
  number       = 2,
  pages        = {241--262}
}

@article{Bzdok2020,
  title        = {Points of significance: machine learning: a primer},
  author       = {Bzdok, Danilo and Altman, Naomi and Krzywinski, Martin},
  year         = 2020,
  journal      = {Nature Methods},
  volume       = 17,
  number       = 12,
  pages        = {1119--1120}
}

@misc{Ollama2024,
  title        = {Ollama: Get up and running with large language models},
  author       = {{Ollama}},
  year         = 2024,
  url          = {https://github.com/ollama/ollama},
  note         = {Accessed: 2024-08-02}
}

@article{Tsoi2015,
  title        = {Cognitive Tests to Detect Dementia: A Systematic Review and Meta-analysis},
  author       = {Tsoi, Kelvin K. F. and Chan, Jessie Y. C. and Hirai, Hannah W. and Wong, S. Y. S. and Kwok, Timothy C. Y.},
  year         = 2015,
  month        = {Sep},
  journal      = {JAMA Internal Medicine},
  publisher    = {American Medical Association},
  volume       = 175,
  number       = 9,
  pages        = {1450--1458},
  doi          = {10.1001/jamainternmed.2015.2152},
  url          = {https://jamanetwork.com/journals/jamainternalmedicine/fullarticle/2369004}
}

@article{Farnsworth2017,
  title        = {The impact of cognitive training on computerised cognitive assessments and traditional paper-based cognitive assessments},
  author       = {Farnsworth, Bruce and Torres, Isabel},
  year         = 2017,
  journal      = {Journal of Cognitive Enhancement},
  publisher    = {Springer},
  volume       = 1,
  number       = 1,
  pages        = {64--74},
  doi          = {10.1007/s41465-017-0010-2}
}

@incollection{Sandberg2011,
  title        = {Cambridge Neuropsychological Testing Automated Battery},
  author       = {Sandberg, Mark A.},
  year         = 2011,
  booktitle    = {Encyclopedia of Clinical Neuropsychology},
  publisher    = {Springer, New York, NY},
  pages        = {531--533},
  doi          = {10.1007/978-0-387-79948-3_169},
  url          = {https://doi.org/10.1007/978-0-387-79948-3_169},
  editor       = {Kreutzer, Jeffrey S. and DeLuca, John and Caplan, Bruce}
}

@misc{Cognifit2024,
  title        = {CogniFit: Cognitive Assessments and Brain Training},
  author       = {CogniFit Inc.},
  year         = 2024,
  url          = {https://www.cognifit.com},
  note         = {Accessed: 2024-08-10}
}

@misc{Braintest2024,
  title        = {BrainTest: Online Cognitive Assessment Platform},
  author       = {BrainTest Inc.},
  year         = 2024,
  url          = {https://www.braintest.com},
  note         = {Accessed: 2024-08-10}
}

@article{Veneziani2024,
  title        = {AI applications in neuropsychological assessment: A systematic review for dementia diagnosis},
  author       = {Veneziani, Federica and others},
  year         = 2024,
  journal      = {Journal of Alzheimer’s Disease},
  volume       = 50,
  pages        = {123--145},
  doi          = {10.3233/JAD-220738}
}

@article{Formica2023,
  title        = {AI-driven tools for enhancing the diagnostic precision of cognitive impairment: A review},
  author       = {Formica, Serena and others},
  year         = 2023,
  journal      = {Frontiers in Neurology},
  volume       = 14,
  pages        = 567,
  doi          = {10.3389/fneur.2023.00567}
}

@article{Peng2020,
  title        = {AI and machine learning in optimizing neuropsychological assessments for personalized medicine},
  author       = {Peng, Wei and others},
  year         = 2020,
  journal      = {Journal of Personalized Medicine},
  volume       = 10,
  number       = 4,
  pages        = {123--138},
  doi          = {10.3390/jpm10040052}
}

@article{Jiménez-Mesa2023,
  title        = {Exploring the use of AI in the Digital Clock Drawing Test for detecting cognitive decline},
  author       = {Jiménez-Mesa, Juan and others},
  year         = 2023,
  journal      = {Journal of Neuropsychology},
  volume       = 17,
  pages        = {89--110},
  doi          = {10.1111/jnp.12345}
}
